################################################################################
### TRABALHOS RELACIONADOS
################################################################################
@article{Ganz2011,
  title={Percept: Indoor navigation for the blind and visually impaired},
  author={Ganz, Aura and Gandhi, Siddhesh Rajan and Schafer, James and Singh, Tushar and Puleo, Elaine and Mullett, Gary and Wilson, Carole},
  journal={Engineering in Medicine and Biology Society, EMBC, 2011 Annual International Conference of the IEEE},
  pages={856--859},
  year={2011},
  organization={IEEE}
}

@article{Ganz2012,
  title={PERCEPT indoor navigation system for the blind and visually impaired: architecture and experimentation},
  author={Ganz, Aura and Schafer, James and Gandhi, Siddhesh and Puleo, Elaine and Wilson, Carole and Robertson, Meg},
  journal={International journal of telemedicine and applications},
  volume={2012},
  pages={19},
  year={2012},
  publisher={Hindawi Publishing Corp.}
}

@inproceedings{Ganz2014,
  title={PERCEPT-II: Smartphone based indoor navigation system for the blind},
  author={Ganz, Aura and Schafer, James M and Tao, Yang and Wilson, Carole and Robertson, Meg},
  booktitle={Engineering in Medicine and Biology Society (EMBC), 2014 36th Annual International Conference of the IEEE},
  pages={3662--3665},
  year={2014},
  organization={IEEE}
}

@article{Falk2013,
	author = {Falk, Roberto Almeida and Tavares, João Elison da Rosa and Barbosa, Jorge Luis Vict\'{o}ria},
	title = {{Tirésias: um modelo para acessibilidade ub\'{\i}qua orientado \`{a} defici\^{e}ncia visual}},
	journal = {Revista Brasileira de Computa\c{c}\~{a}o Aplicada},
	school = "Programa de P{\'o}s-Gradua{\c{c}}{\~a}o em Computa{\c{c}}{\~a}o Aplicada, UNISINOS",
	pages = {55--70},
	url = {http://dx.doi.org/10.5335/rbca.2013.2666},
	year = {2013}
}

@mastersthesis{ucat2014,
  author    = {Rodrigues, Ivo Rafael Pereira},
  title     = {{UCAT: Ubiquitous Context Awareness Tools for The Blind}},
  school    = {Universidade de Lisboa},
  year      = {2013}
}

@misc{chen2014,
  title={Development of a Navigation System Using Smartphone and Bluetooth Technologies to Help the Visually Impaired Navigate Work Zones Safely},
  author={Chen-Fu, Liao},
  year={2014},
  publisher={Minnesota Department of Transportation Research Services \& Library}
}






@misc{YouthManifesto,
	author = {{Royal London Society for Blind People}},
	file = {:Users/paulograbin/Dropbox/Unisinos/TCC/Papers/RLSB Youth Forum Manifesto 28 Feb - WEB.pdf:pdf},
	title = {{Youth Manifesto}},
	year = {2014},
	note = "Dispon{\'\i}vel em: $<$http://www.rlsb.org.uk/campaigns/youth-manifesto$>$. Acesso em: 30 ago.~2014",
}

@techreport{IBGE2010,
	author = {{IBGE}},
	booktitle = {Censo Demogr\'{a}fico 2010},
	title = {{Caracter\'{\i}sticas gerais da popula\c{c}\~{a}o, religi\~{a}o e pessoas com defici\^{e}ncia}},
	year = {2010},
  note = "Dispon{\'\i}vel em: $<$http://www.ibge.gov.br/home/estatistica/populacao/censo2010$>$. Acesso em: 02 jan.~2015",
}


################################################################################
### PAPERS CLASSICOS
################################################################################
@article{Weiser1991,
	author = {Weiser, Mark},
	doi = {10.1038/scientificamerican0991-94},
	isbn = {1558602461},
	issn = {0036-8733},
	journal = {Scientific American},
	pages = {94--104},
	pmid = {2841793012588059891},
	title = {The Computer for the 21st Century},
	volume = {265},
	year = {1991}
}

@article{Satyanarayanan2001,
	author = {Satyanarayanan, Mahadev},
	doi = {10.1109/98.943998},
	isbn = {1070-9916},
	issn = {10709916},
	journal = {IEEE Personal Communications},
	pages = {10--17},
	title = {{Pervasive computing: Vision and challenges}},
	volume = {8},
	year = {2001}
}

################################################################################
### LIVROS
################################################################################
@book{Gerhardt2009,
author = {Gerhardt, Tatiana Engel and Silveira, Denise Tolfo},
booktitle = {M\'{e}todos de pesquisa},
isbn = {9788538600718},
publisher = {Universidade Federal do Rio Grande do Sul},
title = {{M\'{e}todos de Pesquisa}},
year = {2009}
}

################################################################################
### DIVERSOS
################################################################################

@inproceedings{quinones2011supporting,
  title={Supporting visually impaired navigation: a needs-finding study},
  author={Quinones, Pablo-Alejandro and Greene, Tammy and Yang, Rayoung and Newman, Mark},
  booktitle={CHI'11 Extended Abstracts on Human Factors in Computing Systems},
  pages={1645--1650},
  year={2011},
  organization={ACM}
}

@inproceedings{URNA2007,
  title={Universal real-time navigational assistance (URNA): an urban bluetooth beacon for the blind},
  author={Bohonos, S and Lee, A and Malik, A and Thai, C and Manduchi, Roberto},
  booktitle={Proceedings of the 1st ACM SIGMOBILE international workshop on Systems and networking support for healthcare and assisted living environments},
  pages={83--88},
  year={2007},
  organization={ACM}
}

@article{dias2015navpal,
  title={The NavPal Suite of Tools for Enhancing Indoor Navigation for Blind Travelers},
  author={Dias, M Bernardine},
  journal={Indoor Wayfinding and Navigation},
  pages={187},
  year={2015},
  publisher={CRC Press}
}

@article{mau2008blindaid,
  title={BlindAid: An ElectronicTravel Aid for the Blind},
  author={Mau, Sandra and Melchior, Nik A and Makatchev, Maxim and Steinfeld, Aaron},
  journal={Robotics Institute Report, CMU-RI-TR-07-39},
  year={2008}
}

@inproceedings{taylor2012smart,
  title={Smart phone-based Indoor guidance system for the visually impaired},
  author={Taylor, Brandon and Lee, Dah-Jye and Zhang, Dong and Xiong, Guangming},
  booktitle={Control Automation Robotics \& Vision (ICARCV), 2012 12th International Conference on},
  pages={871--876},
  year={2012},
  organization={IEEE}
}

@article{rodriguez2014accessible,
  title={Accessible smartphones for blind users: A case study for a wayfinding system},
  author={Rodriguez-Sanchez, MC and Moreno-Alvarez, MA and Martin, E and Borromeo, S and Hernandez-Tamames, JA},
  journal={Expert Systems with Applications},
  volume={41},
  number={16},
  pages={7210--7222},
  year={2014},
  publisher={Elsevier}
}

@inproceedings{ballance2008developing,
  title={Developing proactive information delivery system through bluetooth in ubiquitous networks},
  author={Ballance, Eric J and Lee, Hwajung},
  booktitle={Multimedia and Ubiquitous Engineering, 2008. MUE 2008. International Conference on},
  pages={413--418},
  year={2008},
  organization={IEEE}
}

@inproceedings{narasimhan2009smartphone,
  title={Smartphone-based assistive technologies for the blind},
  author={Narasimhan, Priya and Gandhi, Rajeev and Rossi, Dan},
  booktitle={Proceedings of the 2009 international conference on Compilers, architecture, and synthesis for embedded systems},
  pages={223--232},
  year={2009},
  organization={ACM}
}

@inproceedings{Brady2013,
 author = {Brady, Erin and Morris, Meredith Ringel and Zhong, Yu and White, Samuel and Bigham, Jeffrey P.},
 title = {Visual Challenges in the Everyday Lives of Blind People},
 booktitle = {Proceedings of the SIGCHI Conference on Human Factors in Computing Systems},
 series = {CHI '13},
 year = {2013},
 isbn = {978-1-4503-1899-0},
 location = {Paris, France},
 pages = {2117--2126},
 numpages = {10},
 url = {http://doi.acm.org/10.1145/2470654.2481291},
 doi = {10.1145/2470654.2481291},
 acmid = {2481291},
 publisher = {ACM},
 address = {New York, NY, USA},
 keywords = {accessibility, blind users, crowdsourcing, mobile, q\&\#38;a},
} 

